<record><leader>00000cas a22000007a 4500</leader><controlfield tag="001">15143886</controlfield><controlfield tag="008">870203d1887189uwiudn ne      0    0eng d</controlfield><datafield ind1=" " ind2=" " tag="010"><subfield code="a">sn 87082063 </subfield></datafield><datafield ind1=" " ind2=" " tag="040"><subfield code="a">NPV</subfield><subfield code="b">eng</subfield><subfield code="c">NPV</subfield><subfield code="d">OCLCQ</subfield></datafield><datafield ind1=" " ind2=" " tag="042"><subfield code="a">msc</subfield></datafield><datafield ind1="0" ind2="4" tag="245"><subfield code="a">The Eau Claire daily leader.</subfield></datafield><datafield ind1="3" ind2="0" tag="246"><subfield code="a">Daily leader</subfield></datafield><datafield ind1="1" ind2="7" tag="246"><subfield code="a">Eau Claire leader</subfield></datafield><datafield ind1="3" ind2="0" tag="246"><subfield code="a">Eau Claire Sunday-weekly leader</subfield></datafield><datafield ind1="3" ind2="0" tag="246"><subfield code="a">Eau Claire Sunday leader</subfield></datafield><datafield ind1="3" ind2="0" tag="246"><subfield code="a">Sunday leader and weekly edition</subfield></datafield><datafield ind1=" " ind2=" " tag="260"><subfield code="a">Eau Claire, Wis. :</subfield><subfield code="b">[s.n.]</subfield></datafield><datafield ind1=" " ind2=" " tag="300"><subfield code="a">v.</subfield></datafield><datafield ind1=" " ind2=" " tag="310"><subfield code="a">Daily (except Monday)</subfield></datafield><datafield ind1="1" ind2=" " tag="362"><subfield code="a">Began with Feb. 1, 1887 issue?</subfield></datafield><datafield ind1=" " ind2=" " tag="500"><subfield code="a">Published on Sunday as: Eau Claire Sunday leader, &lt;1889&gt;; Eau Claire Sunday-weekly leader, June 9, 1889-Oct. 9, 1892; Sunday leader and weekly edition, Oct. 16, 1892-&lt;Aug. 12, 1894&gt;.</subfield></datafield><datafield ind1=" " ind2=" " tag="752"><subfield code="a">United States</subfield><subfield code="b">Wisconsin</subfield><subfield code="c">Eau Claire</subfield><subfield code="d">Eau Claire.</subfield></datafield><datafield ind1="0" ind2="0" tag="780"><subfield code="t">Daily leader (Eau Claire, Wis.)</subfield><subfield code="w">(DLC)sn 87082061</subfield></datafield></record>